@Article{HK2023,
author={Hermle, Patrick
and Kreidler, Henrik},
title={A Halmos--von Neumann Theorem for Actions of General Groups},
journal={Applied Categorical Structures},
year={2023},
}

@article{Furstenberg,
author = {Furstenberg, H.},
title = {Strict Ergodicity and Transformation of the Torus},
journal = {American Journal of Mathematics},
year = {1961},
}



@misc{Garcia-Ramos2024,
  title         = "Coincidence rank and multivariate equicontinuity",
  author        = "Garc{\'\i}a-Ramos, Felipe and Le{\'o}n-Torres, Irma",
  year          =  2024,
  eprint={2411.03529},
  archivePrefix={arXiv},
}

@book{Auslaner,
  title="Minimal Flows and their Extensions",
  author="Joseph Auslander",
  year="1988",
  publisher = {North-Holland},
}

@BOOK{OpThErg,
  title     = "Operator theoretic aspects of ergodic theory",
  author    = "Eisner, Tanja and Farkas, B{\'a}lint and Haase, Markus and
               Nagel, Rainer",
  publisher = "Springer",
  series    = "Graduate Texts in Mathematics",
  year      =  2015,
}
