@article{OpmeerCurtain2004,
author = {Opmeer, Mark R. and Curtain, Ruth F.},
title = {Linear Quadratic Gaussian Balancing for Discrete-Time Infinite-Dimensional Linear Systems},
journal = {SIAM Journal on Control and Optimization},
volume = {43},
number = {4},
pages = {1196-1221},
year = {2004},
}
